
    <record>
        <leader>00000nz  a2200169   4500</leader>
        <controlfield tag="001">30004563</controlfield>
        <controlfield tag="003">RISM</controlfield>
        <controlfield tag="005">20160216</controlfield>
        <controlfield tag="008">160216n||az|||||||##########||||||||||||</controlfield>
        <datafield tag="040" ind1=" " ind2=" ">
            <subfield code="a">MK-SKm</subfield>
        </datafield>
        <datafield tag="043" ind1=" " ind2=" ">
            <subfield code="c">XA-MK</subfield>
        </datafield>
        <datafield tag="110" ind1="2" ind2=" ">
            <subfield code="a">Visoka muzička škola</subfield>
            <subfield code="c">Skopje</subfield>
            <subfield code="g">MK-SKm</subfield>
        </datafield>
        <datafield tag="410" ind1="2" ind2=" ">
            <subfield code="a">High School of Music</subfield>
        </datafield>
        <datafield tag="622" ind1=" " ind2=" ">
            <subfield code="e">Visoka muzička škola, Nas. Karpoš II bb, 91000 Skopje, Republic of Macedonia</subfield>
        </datafield>
    </record>