
    <record>
        <leader>00000nz  a2200169   4500</leader>
        <controlfield tag="001">30004564</controlfield>
        <controlfield tag="003">RISM</controlfield>
        <controlfield tag="005">20160216</controlfield>
        <controlfield tag="008">160216n||az|||||||##########||||||||||||</controlfield>
        <datafield tag="040" ind1=" " ind2=" ">
            <subfield code="a">MK-SKu</subfield>
        </datafield>
        <datafield tag="043" ind1=" " ind2=" ">
            <subfield code="c">XA-MK</subfield>
        </datafield>
        <datafield tag="110" ind1="2" ind2=" ">
            <subfield code="a">Narodna i univerzitetska biblioteka "Kliment Ohridski"</subfield>
            <subfield code="c">Skopje</subfield>
            <subfield code="g">MK-SKu</subfield>
        </datafield>
        <datafield tag="410" ind1="2" ind2=" ">
            <subfield code="a">National and University Library "Clement of Ohrid"</subfield>
        </datafield>
        <datafield tag="622" ind1=" " ind2=" ">
            <subfield code="e">Narodna i univerzitetska biblioteka,  "Kliment Ohridski", Bulevar Goce Delčev, 91000 Skopje, Republic of Macedonia</subfield>
        </datafield>
    </record>
</collection>

